@inproceedings{Chen2009ABF,
  title={A benchmark for 3D mesh segmentation},
  author={Xiaobai Chen and Aleksey Golovinskiy and Thomas A. Funkhouser},
  booktitle={SIGGRAPH 2009},
  year={2009}
}

@inproceedings{Kundu2014JointSS,
  title={Joint Semantic Segmentation and 3D Reconstruction from Monocular Video},
  author={Abhijit Kundu and Yin Li and Frank Dellaert and Fuxin Li and James M. Rehg},
  booktitle={ECCV},
  year={2014}
}

@article{Choy20163DR2N2AU,
  title={3D-R2N2: A Unified Approach for Single and Multi-view 3D Object Reconstruction},
  author={Christopher Bongsoo Choy and Danfei Xu and JunYoung Gwak and Kevin Chen and Silvio Savarese},
  journal={ArXiv},
  year={2016},
  volume={abs/1604.00449}
}

@inproceedings{Mandikal20183DLMNetLE,
  title={3D-LMNet: Latent Embedding Matching for Accurate and Diverse 3D Point Cloud Reconstruction from a Single Image},
  author={Priyanka Mandikal and L. NavaneetK. and Mayank Agarwal and Venkatesh Babu Radhakrishnan},
  booktitle={BMVC},
  year={2018}
}

@article{Choy2015EnrichingOD,
  title={Enriching object detection with 2D-3D registration and continuous viewpoint estimation},
  author={Christopher Bongsoo Choy and Michael Stark and Sam Corbett-Davies and Silvio Savarese},
  journal={2015 IEEE Conference on Computer Vision and Pattern Recognition (CVPR)},
  year={2015},
  pages={2512-2520}
}

@article{Chang2015ShapeNetAI,
  title={ShapeNet: An Information-Rich 3D Model Repository},
  author={Angel X. Chang and Thomas A. Funkhouser and Leonidas J. Guibas and Pat Hanrahan and Qi-Xing Huang and Zimo Li and Silvio Savarese and Manolis Savva and Shuran Song and Hao Su and Jianxiong Xiao and Li Yi and Fisher Yu},
  journal={ArXiv},
  year={2015},
  volume={abs/1512.03012}
}

@article{Xiang2014BeyondPA,
  title={Beyond PASCAL: A benchmark for 3D object detection in the wild},
  author={Yu Xiang and Roozbeh Mottaghi and Silvio Savarese},
  journal={IEEE Winter Conference on Applications of Computer Vision},
  year={2014},
  pages={75-82}
}

@inproceedings{Cignoni2008MeshLabAO,
  title={MeshLab: an Open-Source Mesh Processing Tool},
  author={Paolo Cignoni and Marco Callieri and Massimiliano Corsini and Matteo Dellepiane and Fabio Ganovelli and Guido Ranzuglia},
  booktitle={Eurographics Italian Chapter Conference},
  year={2008}
}

@inproceedings{LeCun2005TheMD,
  title={The mnist database of handwritten digits},
  author={Yann LeCun and Corinna Cortes},
  year={2005}
}

@article{Deng2009ImageNetAL,
  title={ImageNet: A large-scale hierarchical image database},
  author={Jun Deng and Wei Dong and Richard Socher and Li-Jia Li and Kuntai Li and Li Fei-Fei},
  journal={2009 IEEE Conference on Computer Vision and Pattern Recognition},
  year={2009},
  pages={248-255}
}

@article{Sun2017RevisitingUE,
  title={Revisiting Unreasonable Effectiveness of Data in Deep Learning Era},
  author={Chen Sun and Abhinav Shrivastava and Saurabh Singh and Abhinav Gupta},
  journal={2017 IEEE International Conference on Computer Vision (ICCV)},
  year={2017},
  pages={843-852}
}

@inproceedings{Dutagaci2010ABF,
  title={A benchmark for best view selection of 3D objects},
  author={Helin Dutagaci and Chun Pan Cheung and Afzal Godil},
  booktitle={3DOR@MM},
  year={2010}
}

@article{Wu20143DSA,
  title={3D ShapeNets: A deep representation for volumetric shapes},
  author={Zhirong Wu and Shuran Song and Aditya Khosla and Fisher Yu and Linguang Zhang and Xiaoou Tang and Jianxiong Xiao},
  journal={2015 IEEE Conference on Computer Vision and Pattern Recognition (CVPR)},
  year={2014},
  pages={1912-1920}
}

@inproceedings{Lee2005MeshS,
  title={Mesh saliency},
  author={Chang Ha Lee and Amitabh Varshney and David W. Jacobs},
  booktitle={SIGGRAPH 2005},
  year={2005}
}

@article{Vzquez2003AutomaticVS,
  title={Automatic View Selection Using Viewpoint Entropy and its Applications to Image-based Modelling},
  author={Pere-Pau V{\'a}zquez and Miquel Feixas and Mateu Sbert and Wolfgang Heidrich},
  journal={Comput. Graph. Forum},
  year={2003},
  volume={22},
  pages={689-700}
}

@article{Page2003ShapeAA,
  title={Shape analysis algorithm based on information theory},
  author={David L. Page and Andreas F. Koschan and Sreenivas R. Sukumar and Besma Roui-Abidi and Mongi A. Abidi},
  journal={Proceedings 2003 International Conference on Image Processing (Cat. No.03CH37429)},
  year={2003},
  volume={1},
  pages={I-229}
}

@article{Su2015MultiviewCN,
  title={Multi-view Convolutional Neural Networks for 3D Shape Recognition},
  author={Hang Su and Subhransu Maji and Evangelos Kalogerakis and Erik G. Learned-Miller},
  journal={2015 IEEE International Conference on Computer Vision (ICCV)},
  year={2015},
  pages={945-953}
}

@INPROCEEDINGS{8014797,
author={J. {Lee} and M. S. {Ryoo}},
booktitle={2017 IEEE Conference on Computer Vision and Pattern Recognition Workshops (CVPRW)},
title={Learning Robot Activities from First-Person Human Videos Using Convolutional Future Regression},
year={2017},
volume={},
number={},
pages={472-473},
keywords={image representation;neural net architecture;regression analysis;robot vision;video signal processing;intermediate scene representation;convolutional neural network architecture;temporal structure;unlabeled human example videos;convolutional future regression;first-person human videos;robot activities learning;Videos;Robot kinematics;Motor drives;Training;Robot control;Detectors},
doi={10.1109/CVPRW.2017.63},
ISSN={},
month={July},}

@article{Park2017TransformationGroundedIG,
  title={Transformation-Grounded Image Generation Network for Novel 3D View Synthesis},
  author={Eunbyung Park and Jimei Yang and Ersin Yumer and Duygu Ceylan and Alexander C. Berg},
  journal={2017 IEEE Conference on Computer Vision and Pattern Recognition (CVPR)},
  year={2017},
  pages={702-711}
}

@inproceedings{Zhou2016ViewSB,
  title={View Synthesis by Appearance Flow},
  author={Tinghui Zhou and Shubham Tulsiani and Weilun Sun and Jagannath Malik and Alexei A. Efros},
  booktitle={ECCV},
  year={2016}
}

@InProceedings{TDB16a,
author       = "M. Tatarchenko and A. Dosovitskiy and T. Brox",
title        = "Multi-view 3D Models from Single Images with a Convolutional Network",
booktitle    = "European Conference on Computer Vision (ECCV)",
year         = "2016"
}

@InProceedings{Huang_2017_ICCV,
author = {Huang, Rui and Zhang, Shu and Li, Tianyu and He, Ran},
title = {Beyond Face Rotation: Global and Local Perception GAN for Photorealistic and Identity Preserving Frontal View Synthesis},
booktitle = {The IEEE International Conference on Computer Vision (ICCV)},
month = {Oct},
year = {2017}
}

@InProceedings{VIGAN,
author= {Xiaogang Xu and Ying-Cong Chen and Jiaya Jia},
title = {View Independent Generative Adversarial Network for Novel View Synthesis},
booktitle = {The IEEE International Conference on Computer Vision (ICCV)},
year = {2019}
}

@inproceedings{sun2018multiview,
  title={Multi-view to Novel View: Synthesizing Novel Views with Self-Learned Confidence},
  author={Sun, Shao-Hua and Huh, Minyoung and Liao, Yuan-Hong and Zhang, Ning and Lim, Joseph J},
  booktitle={European Conference on Computer Vision},
  year={2018},
}

@article{olszewski2019tbn,
title={Transformable Bottleneck Networks},
author={Olszewski, Kyle and Tulyakov, Sergey and Woodford, Oliver and Li, Hao and Luo, Linjie},
journal={The IEEE International Conference on Computer Vision (ICCV)},
month={Nov},
year={2019}
}

@article{Furukawa:2015:MST:2864699.2864700,
 author = {Furukawa, Yasutaka and Hern\'{a}ndez, Carlos},
 title = {Multi-View Stereo: A Tutorial},
 journal = {Found. Trends. Comput. Graph. Vis.},
 issue_date = {6 2015},
 volume = {9},
 number = {1-2},
 month = jun,
 year = {2015},
 issn = {1572-2740},
 pages = {1--148},
 numpages = {148},
 url = {http://dx.doi.org/10.1561/0600000052},
 doi = {10.1561/0600000052},
 acmid = {2864700},
 publisher = {Now Publishers Inc.},
 address = {Hanover, MA, USA},
 keywords = {Stereo matching and reconstruction},
}

@INPROCEEDINGS{7780964,
author={J. {Flynn} and I. {Neulander} and J. {Philbin} and N. {Snavely}},
booktitle={2016 IEEE Conference on Computer Vision and Pattern Recognition (CVPR)},
title={Deep Stereo: Learning to Predict New Views from the World's Imagery},
year={2016},
volume={},
number={},
pages={5515-5524},
keywords={computer vision;image classification;learning (artificial intelligence);neural nets;stereo image processing;deep stereo;world imagery;deep networks;recognition problems;classification problems;computer vision;graphics problems;deep architecture;posed image sets;training data;KITTI dataset;Google street view images;deep learning;Image color analysis;Training data;Three-dimensional displays;Training;Google;Shape;Poles and towers},
doi={10.1109/CVPR.2016.595},
ISSN={},
month={June},}


@article{Osadchy2004SynergisticFD,
  title={Synergistic Face Detection and Pose Estimation with Energy-Based Models},
  author={Margarita Osadchy and Matthew L. Miller and Yann LeCun},
  journal={J. Mach. Learn. Res.},
  year={2004},
  volume={8},
  pages={1197-1215}
}

@article{Massa2016CraftingAM,
  title={Crafting a multi-task CNN for viewpoint estimation},
  author={Francisco Massa and Renaud Marlet and Mathieu Aubry},
  journal={ArXiv},
  year={2016},
  volume={abs/1609.03894}
}

@article{Su2015RenderFC,
  title={Render for CNN: Viewpoint Estimation in Images Using CNNs Trained with Rendered 3D Model Views},
  author={Hao Su and Charles Ruizhongtai Qi and Yangyan Li and Leonidas J. Guibas},
  journal={2015 IEEE International Conference on Computer Vision (ICCV)},
  year={2015},
  pages={2686-2694}
}

@article{Tulsiani2014ViewpointsAK,
  title={Viewpoints and keypoints},
  author={Shubham Tulsiani and Jagannath Malik},
  journal={2015 IEEE Conference on Computer Vision and Pattern Recognition (CVPR)},
  year={2014},
  pages={1510-1519}
}

@inproceedings{Parkhi2015DeepFR,
  title={Deep Face Recognition},
  author={Omkar M. Parkhi and Andrea Vedaldi and Andrew Zisserman},
  booktitle={BMVC},
  year={2015}
}

@article{Kan2016MultiViewDA,
  title={Multi-View Discriminant Analysis},
  author={Meina Kan and Shiguang Shan and Haihong Zhang and Shihong Lao and Xilin Chen},
  journal={IEEE Transactions on Pattern Analysis and Machine Intelligence},
  year={2016},
  volume={38},
  pages={188-194}
}

@article{Chen20163DHP,
  title={3D Human Pose Estimation = 2D Pose Estimation + Matching},
  author={Ching-Hang Chen and Deva Ramanan},
  journal={2017 IEEE Conference on Computer Vision and Pattern Recognition (CVPR)},
  year={2016},
  pages={5759-5767}
}

@inproceedings{Coskun2018HumanMA,
  title={Human Motion Analysis with Deep Metric Learning},
  author={Huseyin Coskun and David Joseph Tan and Sailesh Conjeti and Nassir Navab and Federico Tombari},
  booktitle={ECCV},
  year={2018}
}

@article{Gu_2019,
	doi = {10.1088/1742-6596/1207/1/012009},
	url = {https://doi.org/10.1088%2F1742-6596%2F1207%2F1%2F012009},
	year = 2019,
	month = {apr},
	publisher = {{IOP} Publishing},
	volume = {1207},
	pages = {012009},
	author = {Changjian Gu and Changsheng Lu and Chaochen Gu and Xinping Guan},
	title = {Viewpoint Estimation using Triplet Loss with A Novel Viewpoint-based Input Selection Strategy},
	journal = {Journal of Physics: Conference Series},
}

@incollection{NIPS2015_5638,
title = {Faster R-CNN: Towards Real-Time Object Detection with Region Proposal Networks},
author = {Ren, Shaoqing and He, Kaiming and Girshick, Ross and Sun, Jian},
booktitle = {Advances in Neural Information Processing Systems 28},
editor = {C. Cortes and N. D. Lawrence and D. D. Lee and M. Sugiyama and R. Garnett},
pages = {91--99},
year = {2015},
publisher = {Curran Associates, Inc.},
url = {http://papers.nips.cc/paper/5638-faster-r-cnn-towards-real-time-object-detection-with-region-proposal-networks.pdf}
}
